<?xml version="1.0" encoding="UTF-8"?>
<collection xmlns:xsi="http://www.w3.org/2001/XMLSchema-instance" xsi:schemaLocation="http://www.loc.gov/MARC21/slim http://www.loc.gov/standards/marcxml/schema/MARC21slim.xsd" xmlns="http://www.loc.gov/MARC21/slim">
<record>
  <leader>01405cam a2200313Ma 4500</leader>
  <controlfield tag="001">3072479</controlfield>
  <controlfield tag="003">NNC</controlfield>
  <controlfield tag="005">20130520200858.0</controlfield>
  <controlfield tag="008">960906q19uuuuuuua            000 0 ara d</controlfield>
  <datafield tag="035" ind1=" " ind2=" ">
    <subfield code="a">(OCoLC)ocm40916039</subfield>
  </datafield>
  <datafield tag="035" ind1=" " ind2=" ">
    <subfield code="9">ATP5533CU</subfield>
  </datafield>
  <datafield tag="035" ind1=" " ind2=" ">
    <subfield code="a">(NNC)3072479</subfield>
  </datafield>
  <datafield tag="035" ind1=" " ind2=" ">
    <subfield code="a">3072479</subfield>
  </datafield>
  <datafield tag="040" ind1=" " ind2=" ">
    <subfield code="a">HLS</subfield>
    <subfield code="c">HLS</subfield>
    <subfield code="d">OCL</subfield>
    <subfield code="d">ZCU</subfield>
  </datafield>
  <datafield tag="099" ind1=" " ind2=" ">
    <subfield code="a">893.791</subfield>
    <subfield code="a">D263</subfield>
  </datafield>
  <datafield tag="100" ind1="1" ind2=" ">
    <subfield code="a">Dasūqī, Muḥammad ibn Aḥmad ibn ʻArafah,</subfield>
    <subfield code="d">-1815.</subfield>
  </datafield>
  <datafield tag="245" ind1="1" ind2="0">
    <subfield code="a">Ḥāshīyat al-Dasūqī ʻalá Umm al-Barāhīn :</subfield>
    <subfield code="b">ʻalá Sharḥ Umm al-Barāhīn li-muʾallif al-Imām Sayyidī Muḥammad al-Sanūsī /</subfield>
    <subfield code="c">Muḥammad al-Dasūqī. Wa-hāmishuhu, al-Sharḥ al-madhkūr.</subfield>
  </datafield>
  <datafield tag="250" ind1=" " ind2=" ">
    <subfield code="a">al-Ṭabʻah 1.</subfield>
  </datafield>
  <datafield tag="260" ind1=" " ind2=" ">
    <subfield code="a">[Cairo] :</subfield>
    <subfield code="b">Dār Iḥyāʾ al-Kutub al-ʻArabīyah,</subfield>
    <subfield code="c">[19--?]</subfield>
  </datafield>
  <datafield tag="300" ind1=" " ind2=" ">
    <subfield code="a">239 p. ;</subfield>
    <subfield code="c">26 cm.</subfield>
  </datafield>
  <datafield tag="490" ind1="1" ind2=" ">
    <subfield code="a">Min shurūḥ ʻaqāʾid ahl al-Sunnah</subfield>
  </datafield>
  <datafield tag="504" ind1=" " ind2=" ">
    <subfield code="a">Includes bibliographical references and index.</subfield>
  </datafield>
  <datafield tag="600" ind1="1" ind2="0">
    <subfield code="a">Sanūsī, Muḥammad ibn Yūsuf,</subfield>
    <subfield code="d">approximately 1427-approximately 1490.</subfield>
    <subfield code="t">Umm al-Barāhīn.</subfield>
  </datafield>
  <datafield tag="600" ind1="1" ind2="0">
    <subfield code="a">Sanūsī, Muḥammad ibn Yūsuf,</subfield>
    <subfield code="d">approximately 1427-approximately 1490.</subfield>
    <subfield code="t">Sharḥ Umm al-Barāhīn.</subfield>
  </datafield>
  <datafield tag="650" ind1=" " ind2="0">
    <subfield code="a">Islam</subfield>
    <subfield code="x">Doctrines.</subfield>
  </datafield>
  <datafield tag="700" ind1="1" ind2="2">
    <subfield code="a">Sanūsī, Muḥammad ibn Yūsuf,</subfield>
    <subfield code="d">approximately 1427-approximately 1490.</subfield>
    <subfield code="t">Sharḥ Umm al- Barāhīn.</subfield>
  </datafield>
  <datafield tag="752" ind1=" " ind2=" ">
    <subfield code="a">Egypt</subfield>
    <subfield code="d">Cairo.</subfield>
  </datafield>
  <datafield tag="830" ind1=" " ind2="0">
    <subfield code="a">Min shurūḥ ʻaqāʼid ahl al-Sunnah.</subfield>
  </datafield>
  <datafield tag="955" ind1=" " ind2=" ">
    <subfield code="b">CU58877908</subfield>
    <subfield code="d">off,glx</subfield>
    <subfield code="e">893.791 D263</subfield>
  </datafield>
</record>
</collection>